@inproceedings{spl1,
  author={G. N. {Rodrigues} and V. {Alves} and V. {Nunes} and A. {Lanna} and M. {Cordy} and P. {Schobbens} and A. M. {Sharifloo} and A. {Legay}},
  booktitle={2015 IEEE 16th International Symposium on High Assurance Systems Engineering},
  title={Modeling and Verification for Probabilistic Properties in Software Product Lines},
  year={2015},
  volume={},
  number={},
  pages={173-180},
  ISSN={1530-2059},
  month={Jan},
}

@inproceedings{spl2,
  author={S. {Gerasimou} and G. {Tamburrelli} and R. {Calinescu}},
  booktitle={2015 30th IEEE/ACM International Conference on Automated Software Engineering (ASE)},
  title={Search-Based Synthesis of Probabilistic Models for Quality-of-Service Software Engineering (T)},
  year={2015},
  volume={},
  number={},
  pages={319-330},
  keywords={genetic algorithms;probability;program testing;program verification;quality of service;search-based synthesis;probabilistic models;quality-of-service software engineering;formal verification;finite-state probabilistic models;quality-of-service requirements;software design;suboptimal models;EvoChecker search-based software engineering approach;multiobjective optimisation genetic algorithms;dynamic power management;foreign exchange trading;design parameters;QoS requirements;design space;Probabilistic logic;Quality of service;Software systems;Markov processes;Optimization;Software engineering;Probabilistic Model Checking;Model Synthesis;Genetic Algorithms;Search-Based Software Engineering;Model Repair},
  ISSN={null},
  month={Nov},
}

@article{herman1,
author = {Herman, T.},
title = {Probabilistic Self-Stabilization},
year = {1990},
publisher = {Elsevier North-Holland, Inc.},
address = {USA},
volume = {35},
number = {2},
issn = {0020-0190},
journal = {Inf. Process. Lett.},
pages = {63–67},
numpages = {5}
}

@Article{herman2,
author={M. Kwiatkowska and G. Norman and D. Parker},
title={Probabilistic Verification of {H}erman’s Self-Stabilisation Algorithm},
journal={Formal Aspects of Computing},
year={2012},
volume={24},
number={4},
pages={661-670},
publisher={Springer},
month={},
note={},
key={}
}

@article{pomdp1,
  title={Planning and acting in partially observable stochastic domains},
  author={Kaelbling, Leslie Pack and Littman, Michael L and Cassandra, Anthony R},
  journal={Artificial intelligence},
  volume={101},
  number={1-2},
  pages={99--134},
  year={1998},
  publisher={Elsevier}
}

@inproceedings{pomdp2,
  title={Programmatically interpretable reinforcement learning},
  author={Verma, Abhinav and Murali, Vijayaraghavan and Singh, Rishabh and Kohli, Pushmeet and Chaudhuri, Swarat},
  booktitle={International Conference on Machine Learning},
  pages={5045--5054},
  year={2018},
  organization={PMLR}
}

@InProceedings{STORM,
  author    = {Christian Dehnert and
               Sebastian Junges and
               Joost-Pieter Katoen and
               Matthias Volk},
  title =         {A {Storm} is Coming: A Modern Probabilistic Model Checker},
  booktitle =     {CAV},
  series    = {LNCS},
  volume    = {10427},
  pages     = {592--600},
  publisher = {Springer},
  year      = {2017}
}

@inproceedings{KNP11,
  title={{PRISM} 4.0: Verification of probabilistic real-time systems},
  author={Kwiatkowska, Marta and Norman, Gethin and Parker, David},
  booktitle={CAV},
  pages={585--591},
  year={2011},
  organization={Springer},
   series    = {LNCS},
  volume    = {6806}
}

@article{spl3,
  author = {Chrszon, Philipp and Dubslaff, Clemens and Klüppelholz, Sascha and Baier, Christel},
  year = {2017},
  month = {08},
  pages = {},
  title = {ProFeat: feature-oriented engineering for family-based probabilistic model checking},
  volume = {30},
  journal = {Formal Aspects of Computing},
}

@article{onebyone,
  title={Model checking software product lines with {SNIP}},
  author={Andreas Classen and Maxime Cordy and Patrick Heymans and Axel Legay and Pierre-Yves Schobbens},
  journal={Int.\ J.\ on Softw.\ Tools for Technol. Transf.},
  year={2012},
  volume={14},
  pages={589-612}
}

@article{allinone,
  author = {Classen, Andreas and Cordy, Maxime and Heymans, Patrick and Legay, Axel and Schobbens, Pierre Yves},
  year = {2014},
  month = {02},
  pages = {416–439},
  title = {Formal semantics, modular specification, and symbolic verification of product-line behaviour},
  volume = {80},
  journal = {Science of Computer Programming},
}

@inproceedings{tacas21,
      title={Inductive Synthesis for Probabilistic Programs Reaches New Horizons}, 
     author="Andriushchenko, Roman
and {\v{C}}e\v{s}ka, Milan
and Junges, Sebastian
and Katoen, Joost-Pieter",
      booktitle = {{TACAS}},
      series = {Lecture Notes in Computer Science},
      year={2021},
      publisher = {Springer},
      note = {(to appear, see \url{https://arxiv.org/abs/2101.12683})}
}

@mastersthesis{roman-DP,
    author = "Ing. Roman Andriuschchenko",
    title = "{Computed-Aided Synthesis of Probabilistic Models}",
    school = "BUT, FIT",
    year = "2020",
    location = "Brno, CZ",
    language = "english",
    url = {https://www.vutbr.cz/studenti/zav-prace/detail/129318}
}

@InProceedings{cegis,
author="{\v{C}}e{\v{s}}ka, Milan
and Hensel, Christian
and Junges, Sebastian
and Katoen, Joost-Pieter",
title="Counterexample-Driven Synthesis for Probabilistic Program Sketches",
booktitle = {{FM}},
  series    = {LNCS},
  volume    = {11800},
  pages     = {101--120},
  publisher = {Springer},
  year      = {2019}
}

@InProceedings{cegar,
author="{\v{C}}e{\v{s}}ka, Milan
and Jansen, Nils
and Junges, Sebastian
and Katoen, Joost-Pieter",
title="Shepherding Hordes of Markov Chains",
booktitle = {{TACAS}},
  series    = {LNCS},
  volume    = {11428},
  pages     = {172--190},
  publisher = {Springer},
  year      = {2019}
}

@inproceedings{model-repair-1,
  title={Model Repair for Probabilistic Systems},
  author={Ezio Bartocci and Radu Grosu and Panagiotis Katsaros and C. R. Ramakrishnan and Scott A. Smolka},
  booktitle={{TACAS'11}},
  pages="326--340",
  year={2011},
    series    = {LNCS},
  volume    = {6605}
}

@article{ceska2014robustness,
  author={{\v{C}}e{\v{s}}ka, Milan and \v{S}afr{\'{a}}nek, David and Dra{\v{z}}an, Sven and Brim, Lubo{\v{s}}},
  journal={PLOS ONE},
  publisher={Public Library of Science},
  title={Robustness Analysis of Stochastic Biochemical Systems},
  year={2014},
  month={04},
  volume={9},
  pages={1-23},
  number={4},
}

@inproceedings{pathak-et-al-nfm-2015,
  author    = {Shashank Pathak and
               Erika {\'{A}}brah{\'{a}}m and
               Nils Jansen and
               Armando Tacchella and
               Joost-Pieter Katoen},
  title     = {A Greedy Approach for the Efficient Repair of Stochastic Models},
  booktitle = {{NFM'15}},
  series    = {LNCS},
  volume    = {9058},
  pages     = {295--309},
  publisher = {Springer},
  year      = {2015}
}

@InProceedings{Quatmann2016,
  author    = {Tim Quatmann and
               Christian Dehnert and
               Nils Jansen and
               Sebastian Junges and
               Joost-Pieter Katoen},
  title     = {Parameter Synthesis for {M}arkov Models: Faster Than Ever},
  booktitle = {{ATVA'16}},
  series    = {LNCS},
  volume    = {9938},
  pages     = {50--67},
  year      = {2016}
}